<?xml version="1.0" encoding="UTF-8"?><collection xmlns="http://www.loc.gov/MARC21/slim"><record><leader>00462nam--2200181-i-4500</leader><controlfield tag="001">000023599</controlfield><controlfield tag="002">20161230</controlfield><controlfield tag="005">20161230201035</controlfield><controlfield tag="008">060222s1000------------r-----000-0-ger-d</controlfield><datafield ind1=" " ind2=" " tag="040"><subfield code="a">IFIN-HH</subfield></datafield><datafield ind1=" " ind2=" " tag="041"><subfield code="a">ger</subfield></datafield><datafield ind1=" " ind2=" " tag="080"><subfield code="a">53(081)</subfield></datafield><datafield ind1="1" ind2=" " tag="100"><subfield code="a">Janossy, L</subfield></datafield><datafield ind1="1" ind2="0" tag="245"><subfield code="a">Papers published from 1934 to 1961</subfield><subfield code="b">Vol. 1</subfield><subfield code="c">L. janossy</subfield></datafield><datafield ind1=" " ind2=" " tag="260"><subfield code="a">Budapest</subfield><subfield code="b">Hungarian Academy Of Sciences</subfield><subfield code="c">1962</subfield></datafield><datafield ind1=" " ind2=" " tag="300"><subfield code="a">575P</subfield></datafield><datafield ind1=" " ind2=" " tag="852"><subfield code="a">4398</subfield><subfield code="c">H.H</subfield></datafield><datafield ind1=" " ind2=" " tag="CAT"><subfield code="a">Sys</subfield><subfield code="c">20150112</subfield><subfield code="h">182713</subfield></datafield></record></collection>